@book{pe_sestoft,
publisher = "Prentice Hall",
isbn = "0130202495",
year = "1993",
title = "Partial evaluation and automatic program generation",
language = "English",
address = "New York",
author = "Jones, Neil D",
keywords = "Programming; Generators; Programming; Computer programming; Electronic digital computers - Programming; Generators (Computer programs)",
series = "Prentice Hall international series in computer science",
}

@article{hatcliff,
pages = "20--82",
volume = "1706",
publisher = "SPRINGER-VERLAG BERLIN",
year = "1999",
title = "An introduction to online and offline partial evaluation using a simple flowchart language",
language = "English",
author = "Hatcliff, J",
issn = "0302-9743",
journal = "Partial Evaluation: Practice And Theory",
}

@book{PoPA,
publisher = "Springer",
isbn = "3540654100",
year = "1999",
title = "Principles of program analysis",
edition = "Corr. 2. print.",
language = "eng",
address = "Berlin 2005",
author = "Nielson, Flemming",
keywords = "Computer programming; Computer programs; Programmanalyse; Computer programming; Computer programs",
abstract = "Preface.- Introduction.- Data Flow Analysis.- Constraint- Based Analysis.- Abstract Interpretation.- Type and Effect Systems.- Algorithms.- Partially Ordered Sets.- Induction and Coinduction.- Graphs and Regular Expressions.- Index of Notation.-Index.- Bibliography",
}

@article{Nielson,
title = "Type and Effect Systems",
author = "Flemming Nielson and Hanne Riis Nielson",
publisher = "Department of Computer Science, Aarhus University, Denmark."
}

@article{cfa-jan,
title = "Control-flow analysis of functional programs",
author = "Jan Midtgaard",
publisher = "Department of Computer Science, Aarhus University, Denmark."
}


@article{fun,
title = "Type and Effect Systems",
year = 2018,
author = "Andrzej Filinski",
publisher = "Department of Computer Science, University of Copenhagen, Denmark."
}

@article{ClosureConversion,
title = "Typed Closure Conversion",
year = 1996,
author = "Minamide Yasuhiko and Greg Morrisett and Robert Harper",
publisher = "In Proceedings of the 23rd ACM SIGPLAN-SIGACT Symposium on Principles of Programming Languages"
}

@article{Reynolds1968,
journal = {Higher-Order and Symbolic Computation},
year = {1968},
title = {Definitional Interpreters for Higher-Order Programming Languages},
language = {English},
author = {Reynolds, John C.},
}

@article{Reynolds1998,
issn = {1388-3690},
abstract = {Byline: John C. Reynolds (1) Keywords: operational semantics; denotational semantics; interpreter; lambda calculus; applicative language; functional language; metacircularity; higher-order function; defunctionalization; closure; call by value; call by name; continuation; continuation-passing-style transformation; LISP; ISWIM; PAL; Scheme; SECD machine; J-operator; escape; assignment Abstract: To introduce the republication of "Definitional Interpreters for Higher-Order Programming Languages", the author recounts the circumstances of its creation, clarifies several obscurities, corrects a few mistakes, and briefly summarizes some more recent developments. Author Affiliation: Article History: Registration Date: 30/09/2004},
journal = {Higher-Order and Symbolic Computation},
volume = {11},
publisher = {Springer},
number = {2},
year = {1998},
title = {Definitional Interpreters Revisited.(Author abstract)},
language = {English},
author = {Reynolds, John C.},
keywords = {Translators (Persons)},
month = {December},
}

@article{cfa0-mlton,
title = {Alternate Control-Flow Analyses for Defunctionalization in the MLton Compiler},
author = {Ryan Shea and Matthew Fluet},
year = {2016},
}